
@article{ClusterRecoUtil,
 title = "Cluster Reconstruction Utility for Shower 2D Clusters",
 volume = "Unknown DocDB entry (not made yet)",
 journal = "MicroBooNE DocDB"
}

@article{GeometryUtilities,
 title = "Geometry Utility Helper Tool",
 volume = "Unknown DocDB entry (not made yet)",
 journal = "MicroBooNE DocDB"
}

@article{LArLight,
 title = "Simple Analysis Framework for LArSoft",
 volume = "http://microboone-docdb.fnal.gov:8080/cgi-bin/ShowDocument?docid=3183",
 journal = "MicroBooNE DocDB"
}

