
@article{LArDevWiki,
 title = "The MicroBooNE Guide to Using LArSoft",
 volume = "https://cdcvs.fnal.gov/redmine/projects/uboonecode/wiki/Uboone\_guide",
 journal = "FNAL Redmine MicroBoone Wiki"
}
